

RefWorks:160
@article{Beck1999,
    author={Beck,K.},
    year={1999},
    title={Embracing change with extreme programming},
    journal={Computer},
    volume={32},
    number={10},
    pages={70-77},
}

RefWorks:157
@article{Boehm2002,
    author={Boehm,B.},
    year={2002},
    title={Get ready for agile methods, with care},
    journal={Computer},
    volume={35},
    number={1},
    pages={64-69},
}

RefWorks:89
@article{Boehm2005,
    author={B. Boehm and R. Turner},
    year={2005},
    title={Management challenges to implementing agile processes in traditional development organizations},
    journal={Software, IEEE},
    volume={22},
    number={5},
    pages={30-39},
}

RefWorks:162
@article{Cohn2003,
    author={Cohn,M. and Ford,D.},
    year={2003},
    title={Introducing an agile process to an organization [software development]},
    journal={Computer},
    volume={36},
    number={6},
    pages={74-78},
}

RefWorks:149
@article{Dyba2008,
    author={T. Dybå and T. Dingsøyr},
    year={2008},
    title={Empirical studies of agile software development: A systematic review},
    journal={Information and Software Technology},
    volume={50},
    number={9-10},
    pages={833-859},
}

RefWorks:151
@article{Dyba2009,
    author={T. Dybå and T. Dingsøyr},
    year={2009},
    title={What Do We Know about Agile Software Development?},
    journal={Software, IEEE},
    volume={26},
    number={5},
    pages={6-9},
}

RefWorks:158
@article{Highsmith2001,
	author={Highsmith,J. and Cockburn,A.},
	year={2001},
	title={Agile software development: the business of innovation},
	journal={Computer},
	volume={34},
	number={9},
	pages={120-127},
}

RefWorks:148
@techreport{Kitchenham2007,
	author={B. A. Kitchenham},
	year={2007},
	title={Guidelines for performing Systematic Literature Reviews in Software Engineering},
	institution={Keele University Technical Report},
	type={Technical report},
	number={EBSE-2007-01}
}

RefWorks:138
@article{Lindvall2004,
    author={M. Lindvall and D. Muthig and A. Dagnino and C. Wallin and M. Stupperich and D. Kiefer and J. May and T. Kahkonen},
    year={2004},
    title={Agile software development in large organizations},
    journal={Computer},
    volume={37},
    number={12},
    pages={26-34},
}

RefWorks:152
@article{Livermore2008,
    author={J. A. Livermore},
    year={2008},
    title={Factors that Significantly Impact the Implementation of an Agile Software Development Methodology},
    journal={Journal of Software},
    volume={3},
    number={4},
    pages={31-36},
}

Refworks:155
@article{Mahanti2006,
    author={Mahanti, A.},
    year={2006},
    title={Challenges in Enterprise Adoption of Agile Methods - A Survey},
    journal={Journal of Computing and Information Technology},
    volume={14},
    number={3},
    pages={197-206},
}

RefWorks:23
@article{Misra2009,
    author={S. C. Misra and V. Kumar and U. Kumar},
    year={2010},
    title={Identifying some critical changes required in adopting agile practices in traditional software development projects},
    journal={International Journal of Quality and Reliability Management},
    volume={27},
    number={4},
    pages={451-474},
}

RefWorks:62
@article{Nerur2005,
    author={S. Nerur and R. Mahapatra and G. Mangalaraj},
    year={2005},
    title={Challenges of migrating to agile methodologies},
    journal={Commun.ACM},
    volume={48},
    number={5},
    pages={72-78},
}

RefWorks:20
@article{Petersen2010,
    author={K. Petersen and C. Wohlin},
    year={2010},
    title={The effect of moving from a plan-driven to an incremental software development approach with agile practices: An industrial case study},
    journal={Empirical Software Engineering},
    volume={15},
    number={6},
    pages={654-693},
}

@article{Poppendieck2012,
    author={Poppendieck, M. and Cusumano, M.A.},
    journal={Software, IEEE},
    title={Lean Software Development: A Tutorial},
    year={2012},
    volume={29},
    number={5},
    pages={26-32},
    doi={10.1109/MS.2012.107},
    ISSN={0740-7459}
}

@book{Schwaber2002,
  title={Agile software development with scrum},
  author={Schwaber, K. and Beedle, M.},
  isbn={9780130676344},
  series={Series in agile software development},
  year={2002},
  publisher={Prentice Hall}
}

